% Encoding: UTF-8

@Article{wik16,
  author  = {Wikipedia},
  title   = {Quasar --- Wikipedia, Die freie Enzyklopädie},
  journal = {Wikipedia, Die freie Enzyklopädie.},
  year    = {2016},
  note    = {Online; Stand 13. Dezember 2016},
  url     = {https://de.wikipedia.org/w/index.php?title=Quasar&oldid=160266961},
}

@Misc{wikiQuasar1,
  author = {NASA},
  year   = {2007},
  url    = {http://imagine.gsfc.nasa.gov/Images/news/gb1508_illustration.jpg},
}

@Misc{wikiQuasar2,
  author = {Lallysoft},
  year   = {2010},
  url    = {https://upload.wikimedia.org/wikipedia/commons/9/94/QSO_APM_08279%2B5225_marked.jpg},
}

@Book{mil85,
  title     = {Astrophysics of active galaxies and quasi-stellar objects},
  publisher = {University Science Books},
  year      = {1985},
  author    = {Joseph S. Miller},
}

@Conference{mpi16,
  author = {Max Planck Institute for Astronomy (MPIA)},
  title  = {Illuminating the Dark Ages: Quasars and Galaxies in the Reionization Epoch},
  year   = {2016},
  url    = {http://www.mpia.de/homes/darkages2016/abstract_booklet_web.pdf},
}

@Comment{jabref-meta: databaseType:bibtex;}
